
@Article{Balog:2012:CIKM,
  author        = "Kristian Balog and Robert Neumayer",
  title         = "Hierarchical Target Type Identification for Entity-oriented Queries",
  journal       = "21st ACM Conference on Information and Knowledge Management (CIKM 2012), pages 2391-2394, October 2012.",
  month         = oct,
  year          = "2012",
  pages         = "2391--2394",
}

